@techreport{koeuranai,
   author	 = "堀部貴紀 and 石原達馬 and 白井暁彦 and 森勢将雅",
   title	 = "『転声こえうらない』利用者の基本周波数分析",
   year 	 = "2020",
   type = "情報処理学会 研究報告音楽情報科学(MUS)",
   number	 = "18",
   month	 = "may"
}

@article{110008001037,
author="植村祐二 and 森勢将雅 and 西浦敬信",
title="ロンバード特徴量変換に基づく音声認識性能の改善",
journal="電子情報通信学会技術研究報告. SP, 音声",
ISSN="09135685",
publisher="一般社団法人電子情報通信学会",
year="2010",
month="may",
volume="110",
number="56",
pages="1-6",
URL="https://ci.nii.ac.jp/naid/110008001037/",
DOI="",
}